<record><leader>00000cas a2200000 a 4500</leader><controlfield tag="001">3967813</controlfield><controlfield tag="008">780612d19591990nyuwr ne      0   a0eng c</controlfield><datafield ind1=" " ind2=" " tag="010"><subfield code="a">sn 78001839 </subfield></datafield><datafield ind1=" " ind2=" " tag="040"><subfield code="a">COO</subfield><subfield code="b">eng</subfield><subfield code="c">COO</subfield><subfield code="d">NSD</subfield><subfield code="d">MUL</subfield><subfield code="d">COO</subfield><subfield code="d">MUL</subfield><subfield code="d">NSD</subfield><subfield code="d">NST</subfield><subfield code="d">DLC</subfield><subfield code="d">NSD</subfield><subfield code="d">CNW</subfield><subfield code="d">MHN</subfield><subfield code="d">OCL</subfield><subfield code="d">NYS</subfield><subfield code="d">OCLCQ</subfield><subfield code="d">NVF</subfield><subfield code="d">OCLCO</subfield></datafield><datafield ind1=" " ind2=" " tag="012"><subfield code="i">9007</subfield><subfield code="j">1</subfield><subfield code="k">1</subfield><subfield code="m">d</subfield></datafield><datafield ind1="1" ind2=" " tag="022"><subfield code="a">0043-809X</subfield><subfield code="l">0043-809X</subfield><subfield code="2">1</subfield></datafield><datafield ind1="1" ind2=" " tag="029"><subfield code="a">AU@</subfield><subfield code="b">000020426446</subfield></datafield><datafield ind1="1" ind2=" " tag="029"><subfield code="a">ZWZ</subfield><subfield code="b">036537411</subfield></datafield><datafield ind1=" " ind2=" " tag="037"><subfield code="b">WW Publishers, 46 W. 21st St., New York, NY 10010</subfield></datafield><datafield ind1="0" ind2=" " tag="041"><subfield code="a">eng</subfield><subfield code="a">spa</subfield></datafield><datafield ind1=" " ind2=" " tag="042"><subfield code="a">nsdp</subfield><subfield code="a">pcc</subfield></datafield><datafield ind1=" " ind2=" " tag="043"><subfield code="a">n-us---</subfield></datafield><datafield ind1=" " ind2="4" tag="050"><subfield code="a">JK2391.W92</subfield><subfield code="b">A12</subfield></datafield><datafield ind1=" " ind2="0" tag="222"><subfield code="a">Workers world</subfield></datafield><datafield ind1="0" ind2="0" tag="245"><subfield code="a">Workers world.</subfield></datafield><datafield ind1="1" ind2="1" tag="246"><subfield code="a">Mundo obrero</subfield></datafield><datafield ind1=" " ind2=" " tag="260"><subfield code="a">New York :</subfield><subfield code="b">Vincent Copeland,</subfield><subfield code="c">1959-1990.</subfield></datafield><datafield ind1="3" ind2=" " tag="260"><subfield code="3">&lt;July 18, 1980&gt;-</subfield><subfield code="a">New York :</subfield><subfield code="b">World View Publishers, Inc.</subfield></datafield><datafield ind1=" " ind2=" " tag="300"><subfield code="a">v. :</subfield><subfield code="b">ill. ;</subfield><subfield code="c">41 x 30 cm.</subfield></datafield><datafield ind1=" " ind2=" " tag="310"><subfield code="a">Weekly,</subfield><subfield code="b">Dec. 4, 1986-1990</subfield></datafield><datafield ind1=" " ind2=" " tag="321"><subfield code="a">Semimonthly,</subfield><subfield code="b">&lt;Apr. 26, 1963-Oct. 10, 1967&gt;</subfield></datafield><datafield ind1=" " ind2=" " tag="321"><subfield code="a">Biweekly,</subfield><subfield code="b">&lt;June 20, 1968&gt;-Oct. 4, 1974</subfield></datafield><datafield ind1=" " ind2=" " tag="321"><subfield code="a">Weekly (except 1st week of Aug. and Sept.),</subfield><subfield code="b">Oct. 18, 1974-&lt;June 29, 1979&gt;</subfield></datafield><datafield ind1=" " ind2=" " tag="321"><subfield code="a">Weekly (except 1st week of Sept.),</subfield><subfield code="b">&lt;July 20, 1979&gt;-Nov. 27, 1986</subfield></datafield><datafield ind1="1" ind2=" " tag="362"><subfield code="a">Vol. 1, no. 1 (Mar. 1959)-v. 31 [i.e., 32], no. 13 (Mar. 29, 1990).</subfield></datafield><datafield ind1=" " ind2=" " tag="500"><subfield code="a">Published occasionally with parallel title: Mundo obrero, June 24, 1977-&lt;May 19, 1978&gt;</subfield></datafield><datafield ind1=" " ind2=" " tag="500"><subfield code="a">"Black and white unite for a," &lt;Apr. 26, 1963-Oct. 16, 1970&gt;</subfield></datafield><datafield ind1=" " ind2=" " tag="500"><subfield code="a">"Workers and oppressed peoples of the world unite," &lt;Jan. 15, 1971-Sept. 1, 1983&gt;.</subfield></datafield><datafield ind1=" " ind2=" " tag="515"><subfield code="a">Issue for v. 22, no. 3 (Jan. 18, 1980) erroneously designated as v. 22, no. 3 (Jan. 18, 1979).</subfield></datafield><datafield ind1=" " ind2=" " tag="530"><subfield code="a">Available on microfilm,</subfield><subfield code="b">University Microfilms.</subfield></datafield><datafield ind1=" " ind2=" " tag="546"><subfield code="a">Occasionally published in English and Spanish, Jan. 19-Nov. 2, 1973, and: June 24, 1977-1990.</subfield></datafield><datafield ind1=" " ind2=" " tag="550"><subfield code="a">Issued 19  -   by Workers World Party.</subfield></datafield><datafield ind1="2" ind2="0" tag="610"><subfield code="a">Workers World Party.</subfield></datafield><datafield ind1=" " ind2="0" tag="650"><subfield code="a">Labor</subfield><subfield code="z">United States</subfield><subfield code="v">Newspapers.</subfield></datafield><datafield ind1=" " ind2="0" tag="650"><subfield code="a">Working class</subfield><subfield code="x">Political activity</subfield><subfield code="z">United States</subfield><subfield code="v">Newspapers.</subfield></datafield><datafield ind1=" " ind2="0" tag="651"><subfield code="a">New York (N.Y.)</subfield><subfield code="v">Newspapers.</subfield></datafield><datafield ind1=" " ind2="0" tag="651"><subfield code="a">New York County (N.Y.)</subfield><subfield code="v">Newspapers.</subfield></datafield><datafield ind1="2" ind2=" " tag="710"><subfield code="a">Workers World Party.</subfield></datafield><datafield ind1="2" ind2=" " tag="710"><subfield code="a">World View Publishers.</subfield></datafield><datafield ind1=" " ind2=" " tag="752"><subfield code="a">United States</subfield><subfield code="b">New York</subfield><subfield code="c">New York</subfield><subfield code="d">New York.</subfield></datafield><datafield ind1="0" ind2=" " tag="776"><subfield code="h">Microfilm</subfield><subfield code="t">Workers world</subfield><subfield code="w">(DLC)sn 94085577</subfield><subfield code="w">(OCoLC)32235551</subfield></datafield><datafield ind1="0" ind2="0" tag="785"><subfield code="t">Workers world WW</subfield><subfield code="x">1070-4205</subfield><subfield code="w">(DLC)sn 93002250</subfield><subfield code="w">(OCoLC)28359687</subfield></datafield><datafield ind1=" " ind2=" " tag="850"><subfield code="a">AzU</subfield><subfield code="a">KU-S</subfield></datafield><datafield ind1=" " ind2=" " tag="936"><subfield code="a">INC</subfield><subfield code="a">Feb. 26, 1987</subfield></datafield></record>